%%%%%%%%%%%%%%%%%%%%%%%%%%%%%%%%%%%%%%%%%%%%%%%%%%%%%%%%%%%%%%%%%%%%%%%%%%%%%%%%

@article{Borealis,
  author = {Akhin, M. and Belyaev, M. and Itsykson, V.},
  title = {Software defect detection by combining bounded model checking and approximations of functions},
  journal = {Automatic Control and Computer Sciences},
  year = {2014},
  volume = {48},
  number = {7},
  pages = {389--397},
  issn = {1558-108X},
  doi = {10.3103/S0146411614070025},
  url = {http://dx.doi.org/10.3103/S0146411614070025},
}

%%%%%%%%%%%%%%%%%%%%%%%%%%%%%%%%%%%%%%%%%%%%%%%%%%%%%%%%%%%%%%%%%%%%%%%%%%%%%%%%

@inproceedings{LLVM,
  title = {{LLVM}: A compilation framework for lifelong program analysis \& transformation},
  author = {Lattner, Chris and Adve, Vikram},
  _booktitle = {Intl. Symposium on Code Generation and Optimization},
  series = {CGO'04},
  pages = {75--86},
  year = {2004},
  _publisher = {IEEE},
}

%%%%%%%%%%%%%%%%%%%%%%%%%%%%%%%%%%%%%%%%%%%%%%%%%%%%%%%%%%%%%%%%%%%%%%%%%%%%%%%%

@inproceedings{Clang,
  title = {{LLVM} and {Clang}: Next generation compiler technology},
  author = {Lattner, Chris},
  booktitle = {The BSD Conference},
  year = {2008},
}

%%%%%%%%%%%%%%%%%%%%%%%%%%%%%%%%%%%%%%%%%%%%%%%%%%%%%%%%%%%%%%%%%%%%%%%%%%%%%%%%

@inproceedings{Z3,
  title = {{Z3}: An efficient {SMT} solver},
  author = {De Moura, Leonardo and Bj{\o}rner, Nikolaj},
  _booktitle = {Proc. of ...},
  series = {TACAS'08},
  pages = {337--340},
  year = {2008},
  _publisher = {Springer-Verlag},
}

%%%%%%%%%%%%%%%%%%%%%%%%%%%%%%%%%%%%%%%%%%%%%%%%%%%%%%%%%%%%%%%%%%%%%%%%%%%%%%%%

@inproceedings{BMC,
  author = {Biere, Armin and Cimatti, Alessandro and Clarke, Edmund M. and Zhu, Yunshan},
  title = {Symbolic Model Checking without {BDDs}},
  _booktitle = {Proc. of 5th Intl. Conf.},
  series = {TACAS'99},
  year = {1999},
  isbn = {3-540-65703-7},
  pages = {193--207},
  numpages = {15},
  _url = {http://dl.acm.org/citation.cfm?id=646483.691738},
  acmid = {691738},
  _publisher = {Springer-Verlag},
  _address = {London, UK, UK},
}

%%%%%%%%%%%%%%%%%%%%%%%%%%%%%%%%%%%%%%%%%%%%%%%%%%%%%%%%%%%%%%%%%%%%%%%%%%%%%%%%

@manual{ACSL,
  author = {Baudin, Patrick and Filli\^{a}tre, Jean C. and Hubert, Thierry and March\'{e}, Claude and Monate, Benjamin and Moy, Yannick and Prevosto, Virgile},
  edition = {preliminary},
  keywords = {ACSL, Frama-C},
  _month = {May},
  title = {{ACSL: ANSI/ISO C Specification Language. Preliminary Design, version 1.4, 2008.}},
  _url = {http://www.frama-c.cea.fr/download/acsl_1.4.pdf},
  year = {2008},
}

%%%%%%%%%%%%%%%%%%%%%%%%%%%%%%%%%%%%%%%%%%%%%%%%%%%%%%%%%%%%%%%%%%%%%%%%%%%%%%%%

@article{PanLang,
  author = {Itsykson, V. and Glukhikh, M.},
  journal = {Scientific Journal of SPBSPU},
  title = {A language for program component specification},
  number = {3},
  year = {2010},
  pages = {63--71},
  _publisher = {SPBSPU},
}

%%%%%%%%%%%%%%%%%%%%%%%%%%%%%%%%%%%%%%%%%%%%%%%%%%%%%%%%%%%%%%%%%%%%%%%%%%%%%%%%

@inproceedings{MaxSpecSynth,
  author = {Albarghouthi, Aws and Dillig, Isil and Gurfinkel, Arie},
  title = {Maximal Specification Synthesis},
  _booktitle = {Proceedings of the 43rd Annual ACM SIGPLAN-SIGACT Symposium on Principles of Programming Languages},
  series = {POPL'16},
  year = {2016},
  isbn = {978-1-4503-3549-2},
  location = {St. Petersburg, FL, USA},
  pages = {789--801},
  numpages = {13},
  _url = {http://doi.acm.org/10.1145/2837614.2837628},
  _doi = {10.1145/2837614.2837628},
  acmid = {2837628},
  _publisher = {ACM},
  _address = {New York, NY, USA},
  keywords = {specification, synthesis, verification},
}

%%%%%%%%%%%%%%%%%%%%%%%%%%%%%%%%%%%%%%%%%%%%%%%%%%%%%%%%%%%%%%%%%%%%%%%%%%%%%%%%

@inproceedings{CraigInMC,
  author = {McMillan, K. L.},
  title = {Applications of {Craig} Interpolants in Model Checking},
  _booktitle = {Proc. of 11th Intl. Conf.},
  series = {TACAS'05},
  year = {2005},
  isbn = {3-540-25333-5, 978-3-540-25333-4},
  _location = {Edinburgh, UK},
  pages = {1--12},
  numpages = {12},
  _url = {http://dx.doi.org/10.1007/978-3-540-31980-1_1},
  _doi = {10.1007/978-3-540-31980-1_1},
  acmid = {2140655},
  _publisher = {Springer-Verlag},
  _address = {Berlin, Heidelberg},
} 

%%%%%%%%%%%%%%%%%%%%%%%%%%%%%%%%%%%%%%%%%%%%%%%%%%%%%%%%%%%%%%%%%%%%%%%%%%%%%%%%

@inproceedings{Perracotta,
  author = {Yang, Jinlin and Evans, David and Bhardwaj, Deepali and Bhat, Thirumalesh and Das, Manuvir},
  title = {Perracotta: Mining Temporal {API} Rules from Imperfect Traces},
  _booktitle = {Proceedings of the 28th International Conference on Software Engineering},
  series = {ICSE'06},
  year = {2006},
  isbn = {1-59593-375-1},
  location = {Shanghai, China},
  pages = {282--291},
  numpages = {10},
  _url = {http://doi.acm.org/10.1145/1134285.1134325},
  _doi = {10.1145/1134285.1134325},
  acmid = {1134325},
  _publisher = {ACM},
  _address = {New York, NY, USA},
  keywords = {dynamic analysis, specification inference, temporal properties},
}

%%%%%%%%%%%%%%%%%%%%%%%%%%%%%%%%%%%%%%%%%%%%%%%%%%%%%%%%%%%%%%%%%%%%%%%%%%%%%%%%

@inproceedings{PredicateMining,
  author = {Ramanathan, Murali Krishna and Grama, Ananth and Jagannathan, Suresh},
  title = {Static Specification Inference Using Predicate Mining},
  _booktitle = {Proceedings of the 28th ACM SIGPLAN Conference on Programming Language Design and Implementation},
  series = {PLDI'07},
  year = {2007},
  isbn = {978-1-59593-633-2},
  location = {San Diego, California, USA},
  pages = {123--134},
  numpages = {12},
  _url = {http://doi.acm.org/10.1145/1250734.1250749},
  _doi = {10.1145/1250734.1250749},
  acmid = {1250749},
  _publisher = {ACM},
  _address = {New York, NY, USA},
  keywords = {preconditions, predicate mining, program analysis, specification inference},
} 

%%%%%%%%%%%%%%%%%%%%%%%%%%%%%%%%%%%%%%%%%%%%%%%%%%%%%%%%%%%%%%%%%%%%%%%%%%%%%%%%

@inproceedings{FunSum,
  author = {Sery, Ondrej and Fedyukovich, Grigory and Sharygina, Natasha},
  title = {Interpolation-Based Function Summaries in Bounded Model Checking},
  _booktitle = {Proc. of 7th Intl. Haifa Verification Conf.},
  series = {HVC'11},
  year = {2012},
  isbn = {978-3-642-34187-8},
  _location = {Haifa, Israel},
  pages = {160--175},
  numpages = {16},
  _url = {http://dx.doi.org/10.1007/978-3-642-34188-5_15},
  _doi = {10.1007/978-3-642-34188-5_15},
  acmid = {2426005},
  _publisher = {Springer-Verlag},
  _address = {Berlin, Heidelberg},
} 

%%%%%%%%%%%%%%%%%%%%%%%%%%%%%%%%%%%%%%%%%%%%%%%%%%%%%%%%%%%%%%%%%%%%%%%%%%%%%%%%

@inproceedings{LLBMC,
  author = {Merz, Florian and Falke, Stephan and Sinz, Carsten},
  title = {{LLBMC}: Bounded Model Checking of {C} and {C++} Programs using a Compiler {IR}},
  _booktitle = {Proc. of 4th Intl. Conf.},
  series = {VSTTE'12},
  year = {2012},
  isbn = {978-3-642-27704-7},
  _location = {Philadelphia, PA},
  pages = {146--161},
  numpages = {16},
  _url = {http://dx.doi.org/10.1007/978-3-642-27705-4_12},
  _doi = {10.1007/978-3-642-27705-4_12},
  acmid = {2189326},
  _publisher = {Springer-Verlag},
  _address = {Berlin, Heidelberg},
}

%%%%%%%%%%%%%%%%%%%%%%%%%%%%%%%%%%%%%%%%%%%%%%%%%%%%%%%%%%%%%%%%%%%%%%%%%%%%%%%%

@article{InterprocIsHard,
  title = {Undecidability of static analysis},
  author = {Landi, William},
  journal = {LOPLAS},
  volume = {1},
  number = {4},
  pages = {323--337},
  year = {1992},
  publisher = {ACM}
}

%%%%%%%%%%%%%%%%%%%%%%%%%%%%%%%%%%%%%%%%%%%%%%%%%%%%%%%%%%%%%%%%%%%%%%%%%%%%%%%%

@article{AnalysisAtGoogle,
  title = {Experiences Using Static Analysis to Find Bugs},
  author = {Nathaniel Ayewah and David Hovemeyer and J. David Morgenthaler and John Penix and William Pugh},
  year = {2008},
  _note = {Special issue on software development tools, September/October (25:5)},
  journal = {IEEE Software},
  pages = {22--29},
  volume = {25}
}

%%%%%%%%%%%%%%%%%%%%%%%%%%%%%%%%%%%%%%%%%%%%%%%%%%%%%%%%%%%%%%%%%%%%%%%%%%%%%%%%

@inbook{AnalysisAtFacebook,
  author = {Calcagno, Cristiano and Distefano, Dino and Dubreil, Jeremy and others},
  editor = {Havelund, Klaus and Holzmann, Gerard and Joshi, Rajeev},
  chapter = {Moving Fast with Software Verification},
  title = {NASA Formal Methods},
  year = {2015},
  _publisher = {Springer International Publishing},
  _address = {Cham},
  pages = {3--11},
  isbn = {978-3-319-17524-9},
  _doi = {10.1007/978-3-319-17524-9_1},
  _url = {http://dx.doi.org/10.1007/978-3-319-17524-9_1},
}

%%%%%%%%%%%%%%%%%%%%%%%%%%%%%%%%%%%%%%%%%%%%%%%%%%%%%%%%%%%%%%%%%%%%%%%%%%%%%%%%

@inproceedings{AssertsFromTraces,
  author = {Danese, Alessandro and Ghasempouri, Tara and Pravadelli, Graziano},
  title = {Automatic Extraction of Assertions from Execution Traces of Behavioural Models},
  _booktitle = {Proceedings of the 2015 Design, Automation \& Test in Europe Conference \& Exhibition},
  series = {DATE'15},
  year = {2015},
  isbn = {978-3-9815370-4-8},
  _location = {Grenoble, France},
  pages = {67--72},
  numpages = {6},
  _url = {http://dl.acm.org/citation.cfm?id=2755753.2755769},
  acmid = {2755769},
  _publisher = {EDA Consortium},
  _address = {San Jose, CA, USA},
} 

%%%%%%%%%%%%%%%%%%%%%%%%%%%%%%%%%%%%%%%%%%%%%%%%%%%%%%%%%%%%%%%%%%%%%%%%%%%%%%%%

@inproceedings{Daikon,
  author = {Ernst, Michael D. and Cockrell, Jake and Griswold, William G. and Notkin, David},
  title = {Dynamically Discovering Likely Program Invariants to Support Program Evolution},
  _booktitle = {Proceedings of the 21st International Conference on Software Engineering},
  series = {ICSE'99},
  year = {1999},
  isbn = {1-58113-074-0},
  _location = {Los Angeles, California, USA},
  pages = {213--224},
  numpages = {12},
  _url = {http://doi.acm.org/10.1145/302405.302467},
  _doi = {10.1145/302405.302467},
  acmid = {302467},
  _publisher = {ACM},
  _address = {New York, NY, USA},
  keywords = {dynamic analysis, execution traces, formal specification, logical inference, pattern recognition, program invariants, software evolution},
} 

%%%%%%%%%%%%%%%%%%%%%%%%%%%%%%%%%%%%%%%%%%%%%%%%%%%%%%%%%%%%%%%%%%%%%%%%%%%%%%%%

@inproceedings{UFO,
  author = {Albarghouthi, Aws and Li, Yi and Gurfinkel, Arie and Chechik, Marsha},
  title = {{UFO}: A Framework for Abstraction and Interpolation-based Software Verification},
  _booktitle = {Proceedings of the 24th International Conference on Computer Aided Verification},
  series = {CAV'12},
  year = {2012},
  isbn = {978-3-642-31423-0},
  _location = {Berkeley, CA},
  pages = {672--678},
  numpages = {7},
  _url = {http://dx.doi.org/10.1007/978-3-642-31424-7_48},
  _doi = {10.1007/978-3-642-31424-7_48},
  acmid = {2362278},
  _publisher = {Springer-Verlag},
  _address = {Berlin, Heidelberg},
} 

%%%%%%%%%%%%%%%%%%%%%%%%%%%%%%%%%%%%%%%%%%%%%%%%%%%%%%%%%%%%%%%%%%%%%%%%%%%%%%%%

@inproceedings{BarnettLeino,
  author = {Barnett, Mike and Leino, K. Rustan M.},
  title = {Weakest-precondition of Unstructured Programs},
  _booktitle = {Proceedings of the 6th ACM SIGPLAN-SIGSOFT Workshop on Program Analysis for Software Tools and Engineering},
  series = {PASTE'05},
  year = {2005},
  isbn = {1-59593-239-9},
  _location = {Lisbon, Portugal},
  pages = {82--87},
  numpages = {6},
  _url = {http://doi.acm.org/10.1145/1108792.1108813},
  _doi = {10.1145/1108792.1108813},
  acmid = {1108813},
  _publisher = {ACM},
  _address = {New York, NY, USA},
} 

%%%%%%%%%%%%%%%%%%%%%%%%%%%%%%%%%%%%%%%%%%%%%%%%%%%%%%%%%%%%%%%%%%%%%%%%%%%%%%%%

@inproceedings{LazyAbs,
  author = {McMillan, Kenneth L.},
  title = {Lazy Abstraction with Interpolants},
  _booktitle = {Proceedings of the 18th International Conference on Computer Aided Verification},
  series = {CAV'06},
  year = {2006},
  isbn = {3-540-37406-X, 978-3-540-37406-0},
  _location = {Seattle, WA},
  pages = {123--136},
  numpages = {14},
  _url = {http://dx.doi.org/10.1007/11817963_14},
  _doi = {10.1007/11817963_14},
  acmid = {2135929},
  _publisher = {Springer-Verlag},
  _address = {Berlin, Heidelberg},
} 

%%%%%%%%%%%%%%%%%%%%%%%%%%%%%%%%%%%%%%%%%%%%%%%%%%%%%%%%%%%%%%%%%%%%%%%%%%%%%%%%

@inproceedings{SynthForJava,
  author = {Alur, Rajeev and \v{C}ern\'{y}, Pavol and Madhusudan, P. and Nam, Wonhong},
  title = {Synthesis of Interface Specifications for {Java} Classes},
  _booktitle = {Proceedings of the 32Nd ACM SIGPLAN-SIGACT Symposium on Principles of Programming Languages},
  series = {POPL'05},
  year = {2005},
  isbn = {1-58113-830-X},
  _location = {Long Beach, California, USA},
  pages = {98--109},
  numpages = {12},
  _url = {http://doi.acm.org/10.1145/1040305.1040314},
  _doi = {10.1145/1040305.1040314},
  acmid = {1040314},
  _publisher = {ACM},
  _address = {New York, NY, USA},
  keywords = {abstraction, behavioral interfaces, games, learning regular languages, model checking, software components, synthesis},
} 

%%%%%%%%%%%%%%%%%%%%%%%%%%%%%%%%%%%%%%%%%%%%%%%%%%%%%%%%%%%%%%%%%%%%%%%%%%%%%%%%

@inproceedings{AutomataMining,
  author = {Shoham, Sharon and Yahav, Eran and Fink, Stephen and Pistoia, Marco},
  title = {Static Specification Mining Using Automata-based Abstractions},
  _booktitle = {Proceedings of the 2007 International Symposium on Software Testing and Analysis},
  series = {ISSTA'07},
  year = {2007},
  isbn = {978-1-59593-734-6},
  _location = {London, United Kingdom},
  pages = {174--184},
  numpages = {11},
  _url = {http://doi.acm.org/10.1145/1273463.1273487},
  _doi = {10.1145/1273463.1273487},
  acmid = {1273487},
  _publisher = {ACM},
  _address = {New York, NY, USA},
  keywords = {abstract interpretation, specification mining, static analysis, typestate},
} 

%%%%%%%%%%%%%%%%%%%%%%%%%%%%%%%%%%%%%%%%%%%%%%%%%%%%%%%%%%%%%%%%%%%%%%%%%%%%%%%%

@inproceedings{CegarPrecondition,
  author = {Seghir, Mohamed Nassim and Kroening, Daniel},
  title = {Counterexample-Guided Precondition Inference},
  _booktitle = {Proceedings of the 22Nd European Conference on Programming Languages and Systems},
  series = {ESOP'13},
  year = {2013},
  isbn = {978-3-642-37035-9},
  _location = {Rome, Italy},
  pages = {451--471},
  numpages = {21},
  _url = {http://dx.doi.org/10.1007/978-3-642-37036-6_25},
  _doi = {10.1007/978-3-642-37036-6_25},
  acmid = {2450302},
  _publisher = {Springer-Verlag},
  _address = {Berlin, Heidelberg},
} 

%%%%%%%%%%%%%%%%%%%%%%%%%%%%%%%%%%%%%%%%%%%%%%%%%%%%%%%%%%%%%%%%%%%%%%%%%%%%%%%%

@article{CEGAR,
  author = {Clarke, Edmund and Grumberg, Orna and Jha, Somesh and Lu, Yuan and Veith, Helmut},
  title = {Counterexample-guided Abstraction Refinement for Symbolic Model Checking},
  journal = {J. ACM},
  issue_date = {September 2003},
  volume = {50},
  number = {5},
  month = sep,
  year = {2003},
  issn = {0004-5411},
  pages = {752--794},
  numpages = {43},
  url = {http://doi.acm.org/10.1145/876638.876643},
  doi = {10.1145/876638.876643},
  acmid = {876643},
  publisher = {ACM},
  address = {New York, NY, USA},
  keywords = {Abstraction, hardware verification, symbolic model checking, temporal logic},
} 

%%%%%%%%%%%%%%%%%%%%%%%%%%%%%%%%%%%%%%%%%%%%%%%%%%%%%%%%%%%%%%%%%%%%%%%%%%%%%%%%

@inproceedings{CSight,
  author = {Beschastnikh, Ivan and Brun, Yuriy and Ernst, Michael D. and Krishnamurthy, Arvind},
  title = {Inferring Models of Concurrent Systems from Logs of Their Behavior with {CSight}},
  _booktitle = {Proceedings of the 36th International Conference on Software Engineering},
  series = {ICSE'14},
  year = {2014},
  isbn = {978-1-4503-2756-5},
  _location = {Hyderabad, India},
  pages = {468--479},
  numpages = {12},
  _url = {http://doi.acm.org/10.1145/2568225.2568246},
  _doi = {10.1145/2568225.2568246},
  acmid = {2568246},
  _publisher = {ACM},
  _address = {New York, NY, USA},
  keywords = {CSight, Model inference, concurrency, distributed systems, log analysis},
} 

%%%%%%%%%%%%%%%%%%%%%%%%%%%%%%%%%%%%%%%%%%%%%%%%%%%%%%%%%%%%%%%%%%%%%%%%%%%%%%%%

@inproceedings{PredAbs,
  author = {Flanagan, Cormac and Qadeer, Shaz},
  title = {Predicate Abstraction for Software Verification},
  _booktitle = {Proceedings of the 29th ACM SIGPLAN-SIGACT Symposium on Principles of Programming Languages},
  series = {POPL'02},
  year = {2002},
  isbn = {1-58113-450-9},
  _location = {Portland, Oregon},
  pages = {191--202},
  numpages = {12},
  _url = {http://doi.acm.org/10.1145/503272.503291},
  _doi = {10.1145/503272.503291},
  acmid = {503291},
  _publisher = {ACM},
  _address = {New York, NY, USA},
} 

%%%%%%%%%%%%%%%%%%%%%%%%%%%%%%%%%%%%%%%%%%%%%%%%%%%%%%%%%%%%%%%%%%%%%%%%%%%%%%%%

@inproceedings{BiAbduction,
  author = {Calcagno, Cristiano and Distefano, Dino and O'Hearn, Peter and Yang, Hongseok},
  title = {Compositional Shape Analysis by Means of Bi-abduction},
  _booktitle = {Proceedings of the 36th Annual ACM SIGPLAN-SIGACT Symposium on Principles of Programming Languages},
  series = {POPL'09},
  year = {2009},
  isbn = {978-1-60558-379-2},
  _location = {Savannah, GA, USA},
  pages = {289--300},
  numpages = {12},
  _url = {http://doi.acm.org/10.1145/1480881.1480917},
  _doi = {10.1145/1480881.1480917},
  acmid = {1480917},
  _publisher = {ACM},
  _address = {New York, NY, USA},
  keywords = {abduction, program analysis, proof theory},
} 

%%%%%%%%%%%%%%%%%%%%%%%%%%%%%%%%%%%%%%%%%%%%%%%%%%%%%%%%%%%%%%%%%%%%%%%%%%%%%%%%
